@misc{brown17,
	Author = {Adam R. Brown and Leonard Susskind},
	Title = {The Second Law of Quantum Complexity},
	Year = {2017},
	Eprint = {arXiv:1701.01107},
}

@article{elliott14,
	Author = {S. R. Elliott and M. Franz},
	Title = {Colloquium: Majorana Fermions in nuclear, particle and solid-state physics},
	Year = {2014},
	Eprint = {arXiv:1403.4976},
	Howpublished = {Rev. Mod. Phys. 87, 137 (2015)},
	Doi = {10.1103/RevModPhys.87.137},
}

@article{fu16,
	Author = {Wenbo Fu and Davide Gaiotto and Juan Maldacena and Subir 	Sachdev},
	Title = {Supersymmetric SYK models},
	Year = {2016},
	Eprint = {arXiv:1610.08917},
	Howpublished = {Phys. Rev. D 95, 026009 (2017)},
	Doi = {10.1103/PhysRevD.95.026009},
}

@book{gottfried03,
	title={Quantum Mechanics: Fundamentals},
	author={Gottfried, K. and Yan, T.M.},
	isbn={9780387955766},
	lccn={2002030571},
	series={Graduate Texts in Contemporary Physics},
	url={https://books.google.com/books?id=8gFX-9YcvIYC},
	year={2003},
	publisher={Springer New York}
}


@article{kitaev00,
	Author = {Alexei Kitaev},
	Title = {Unpaired Majorana fermions in quantum wires},
	Year = {2000},
	Eprint = {arXiv:cond-mat/0010440},
	Doi = {10.1070/1063-7869/44/10S/S29},
}

@article{mald16,
	Author = {Juan Maldacena and Douglas Stanford},
	Title = {Comments on the Sachdev-Ye-Kitaev model},
	Year = {2016},
	Eprint = {arXiv:1604.07818},
	Howpublished = {Phys. Rev. D 94, 106002 (2016)},
	Doi = {10.1103/PhysRevD.94.106002},
}

@book{sakurai11,
	title={Modern Quantum Mechanics},
	author={Sakurai, J.J. and Napolitano, J.},
	isbn={9780805382914},
	lccn={2010022349},
	url={https://books.google.com/books?id=N4I-AQAACAAJ},
	year={2011},
	publisher={Addison-Wesley}
}